%YAML 1.1
%TAG !u! tag:unity3d.com,2011:
--- !u!1 &601294955
GameObject:
  m_ObjectHideFlags: 0
  m_CorrespondingSourceObject: {fileID: 0}
  m_PrefabInstance: {fileID: 0}
  m_PrefabAsset: {fileID: 0}
  serializedVersion: 6
  m_Component:
  - component: {fileID: 601294956}
  m_Layer: 10
  m_Name: BulletPoint
  m_TagString: Untagged
  m_Icon: {fileID: 0}
  m_NavMeshLayer: 0
  m_StaticEditorFlags: 0
  m_IsActive: 1
--- !u!4 &601294956
Transform:
  m_ObjectHideFlags: 0
  m_CorrespondingSourceObject: {fileID: 0}
  m_PrefabInstance: {fileID: 0}
  m_PrefabAsset: {fileID: 0}
  m_GameObject: {fileID: 601294955}
  m_LocalRotation: {x: -0, y: -0, z: -0, w: 1}
  m_LocalPosition: {x: -0, y: -0.094, z: 0.59}
  m_LocalScale: {x: 1, y: 1, z: 1}
  m_Children: []
  m_Father: {fileID: 407451650286767460}
  m_RootOrder: 3
  m_LocalEulerAnglesHint: {x: 0, y: 0, z: 0}
--- !u!1 &407451650286604612
GameObject:
  m_ObjectHideFlags: 0
  m_CorrespondingSourceObject: {fileID: 0}
  m_PrefabInstance: {fileID: 0}
  m_PrefabAsset: {fileID: 0}
  serializedVersion: 6
  m_Component:
  - component: {fileID: 407451650286767460}
  - component: {fileID: 407451650285228902}
  - component: {fileID: 407451650278608710}
  - component: {fileID: 407451650291466496}
  m_Layer: 10
  m_Name: FirstPersonCharacter
  m_TagString: MainCamera
  m_Icon: {fileID: 0}
  m_NavMeshLayer: 0
  m_StaticEditorFlags: 0
  m_IsActive: 1
--- !u!4 &407451650286767460
Transform:
  m_ObjectHideFlags: 0
  m_CorrespondingSourceObject: {fileID: 0}
  m_PrefabInstance: {fileID: 0}
  m_PrefabAsset: {fileID: 0}
  m_GameObject: {fileID: 407451650286604612}
  m_LocalRotation: {x: -0, y: 0.000000041873676, z: -0.0000001674947, w: 1}
  m_LocalPosition: {x: 0, y: 0.8000002, z: 0}
  m_LocalScale: {x: 1, y: 1, z: 1}
  m_Children:
  - {fileID: 7996458578375366930}
  - {fileID: 5212038669033986883}
  - {fileID: 2039112591893373932}
  - {fileID: 601294956}
  m_Father: {fileID: 407451650286767462}
  m_RootOrder: 0
  m_LocalEulerAnglesHint: {x: 0, y: 0, z: 0}
--- !u!20 &407451650285228902
Camera:
  m_ObjectHideFlags: 0
  m_CorrespondingSourceObject: {fileID: 0}
  m_PrefabInstance: {fileID: 0}
  m_PrefabAsset: {fileID: 0}
  m_GameObject: {fileID: 407451650286604612}
  m_Enabled: 1
  serializedVersion: 2
  m_ClearFlags: 1
  m_BackGroundColor: {r: 0.19215687, g: 0.3019608, b: 0.4745098, a: 0.019607844}
  m_projectionMatrixMode: 1
  m_GateFitMode: 2
  m_FOVAxisMode: 0
  m_SensorSize: {x: 36, y: 24}
  m_LensShift: {x: 0, y: 0}
  m_FocalLength: 50
  m_NormalizedViewPortRect:
    serializedVersion: 2
    x: 0
    y: 0
    width: 1
    height: 1
  near clip plane: 0.1
  far clip plane: 1000
  field of view: 80
  orthographic: 0
  orthographic size: 5
  m_Depth: 0
  m_CullingMask:
    serializedVersion: 2
    m_Bits: 15159
  m_RenderingPath: -1
  m_TargetTexture: {fileID: 0}
  m_TargetDisplay: 0
  m_TargetEye: 3
  m_HDR: 0
  m_AllowMSAA: 1
  m_AllowDynamicResolution: 0
  m_ForceIntoRT: 0
  m_OcclusionCulling: 1
  m_StereoConvergence: 10
  m_StereoSeparation: 0.022
--- !u!81 &407451650278608710
AudioListener:
  m_ObjectHideFlags: 0
  m_CorrespondingSourceObject: {fileID: 0}
  m_PrefabInstance: {fileID: 0}
  m_PrefabAsset: {fileID: 0}
  m_GameObject: {fileID: 407451650286604612}
  m_Enabled: 1
--- !u!124 &407451650291466496
Behaviour:
  m_ObjectHideFlags: 0
  m_CorrespondingSourceObject: {fileID: 0}
  m_PrefabInstance: {fileID: 0}
  m_PrefabAsset: {fileID: 0}
  m_GameObject: {fileID: 407451650286604612}
  m_Enabled: 1
--- !u!1 &407451650286604614
GameObject:
  m_ObjectHideFlags: 0
  m_CorrespondingSourceObject: {fileID: 0}
  m_PrefabInstance: {fileID: 0}
  m_PrefabAsset: {fileID: 0}
  serializedVersion: 6
  m_Component:
  - component: {fileID: 407451650286767462}
  - component: {fileID: 407451650289132678}
  - component: {fileID: 407451650292622502}
  - component: {fileID: 407451650281255462}
  - component: {fileID: 407451650278967462}
  - component: {fileID: 5962595763105391622}
  - component: {fileID: 561114860}
  - component: {fileID: 3282137371581549184}
  - component: {fileID: 384723724}
  - component: {fileID: 8902809977056599423}
  - component: {fileID: 7461943498663215721}
  m_Layer: 10
  m_Name: FPSController
  m_TagString: Player
  m_Icon: {fileID: 0}
  m_NavMeshLayer: 0
  m_StaticEditorFlags: 0
  m_IsActive: 1
--- !u!4 &407451650286767462
Transform:
  m_ObjectHideFlags: 0
  m_CorrespondingSourceObject: {fileID: 0}
  m_PrefabInstance: {fileID: 0}
  m_PrefabAsset: {fileID: 0}
  m_GameObject: {fileID: 407451650286604614}
  m_LocalRotation: {x: 0, y: 0, z: 0, w: 1}
  m_LocalPosition: {x: 0, y: 0, z: 0}
  m_LocalScale: {x: 1, y: 1, z: 1}
  m_Children:
  - {fileID: 407451650286767460}
  m_Father: {fileID: 0}
  m_RootOrder: 0
  m_LocalEulerAnglesHint: {x: 0, y: 0, z: 0}
--- !u!143 &407451650289132678
CharacterController:
  m_ObjectHideFlags: 0
  m_CorrespondingSourceObject: {fileID: 0}
  m_PrefabInstance: {fileID: 0}
  m_PrefabAsset: {fileID: 0}
  m_GameObject: {fileID: 407451650286604614}
  m_Material: {fileID: 0}
  m_IsTrigger: 0
  m_Enabled: 1
  serializedVersion: 2
  m_Height: 1.8
  m_Radius: 0.5
  m_SlopeLimit: 45
  m_StepOffset: 0.3
  m_SkinWidth: 0.08
  m_MinMoveDistance: 0
  m_Center: {x: 0, y: 0, z: 0}
--- !u!114 &407451650292622502
MonoBehaviour:
  m_ObjectHideFlags: 0
  m_CorrespondingSourceObject: {fileID: 0}
  m_PrefabInstance: {fileID: 0}
  m_PrefabAsset: {fileID: 0}
  m_GameObject: {fileID: 407451650286604614}
  m_Enabled: 1
  m_EditorHideFlags: 0
  m_Script: {fileID: 11500000, guid: 05ec5cf00ca181d45a42ba1870e148c3, type: 3}
  m_Name: 
  m_EditorClassIdentifier: 
  m_IsWalking: 1
  m_WalkSpeed: 5
  m_RunSpeed: 10
  m_RunstepLenghten: 0.7
  m_JumpSpeed: 10
  m_StickToGroundForce: 10
  m_GravityMultiplier: 2
  m_MouseLook:
    XSensitivity: 2
    YSensitivity: 2
    clampVerticalRotation: 1
    MinimumX: -90
    MaximumX: 90
    smooth: 1
    smoothTime: 15
    lockCursor: 1
  m_UseFovKick: 1
  m_FovKick:
    Camera: {fileID: 407451650285228902}
    originalFov: 80
    FOVIncrease: 3
    TimeToIncrease: 1
    TimeToDecrease: 1
    IncreaseCurve:
      serializedVersion: 2
      m_Curve:
      - serializedVersion: 3
        time: 0
        value: 0
        inSlope: 0
        outSlope: 0
        tangentMode: 0
        weightedMode: 0
        inWeight: 0.33333334
        outWeight: 0.33333334
      - serializedVersion: 3
        time: 1
        value: 1
        inSlope: 2
        outSlope: 2
        tangentMode: 0
        weightedMode: 0
        inWeight: 0.33333334
        outWeight: 0.33333334
      m_PreInfinity: 2
      m_PostInfinity: 2
      m_RotationOrder: 4
  m_UseHeadBob: 1
  m_HeadBob:
    HorizontalBobRange: 0.1
    VerticalBobRange: 0.1
    Bobcurve:
      serializedVersion: 2
      m_Curve:
      - serializedVersion: 3
        time: 0
        value: 0
        inSlope: 0
        outSlope: 0
        tangentMode: 0
        weightedMode: 0
        inWeight: 0.33333334
        outWeight: 0.33333334
      - serializedVersion: 3
        time: 0.5
        value: 1
        inSlope: 0
        outSlope: 0
        tangentMode: 0
        weightedMode: 0
        inWeight: 0.33333334
        outWeight: 0.33333334
      - serializedVersion: 3
        time: 1
        value: 0
        inSlope: 0
        outSlope: 0
        tangentMode: 0
        weightedMode: 0
        inWeight: 0.33333334
        outWeight: 0.33333334
      - serializedVersion: 3
        time: 1.5
        value: -1
        inSlope: 0
        outSlope: 0
        tangentMode: 0
        weightedMode: 0
        inWeight: 0.33333334
        outWeight: 0.33333334
      - serializedVersion: 3
        time: 2
        value: 0
        inSlope: 0
        outSlope: 0
        tangentMode: 0
        weightedMode: 0
        inWeight: 0.33333334
        outWeight: 0.33333334
      m_PreInfinity: 2
      m_PostInfinity: 2
      m_RotationOrder: 4
    VerticaltoHorizontalRatio: 2
  m_JumpBob:
    BobDuration: 0.2
    BobAmount: 0.1
  m_StepInterval: 5
  m_FootstepSounds:
  - {fileID: 8300000, guid: 42e65e088b3f4374e851b8dbd38f3df9, type: 3}
  - {fileID: 8300000, guid: 8bc94ec6ed537e743b481638bdcd503d, type: 3}
  m_JumpSound: {fileID: 8300000, guid: 5897aeed9b676024fbb8c694b421a861, type: 3}
  m_LandSound: {fileID: 8300000, guid: 3b09d59f4499d45428baa7a21e954296, type: 3}
--- !u!54 &407451650281255462
Rigidbody:
  m_ObjectHideFlags: 0
  m_CorrespondingSourceObject: {fileID: 0}
  m_PrefabInstance: {fileID: 0}
  m_PrefabAsset: {fileID: 0}
  m_GameObject: {fileID: 407451650286604614}
  serializedVersion: 2
  m_Mass: 1
  m_Drag: 0
  m_AngularDrag: 0.05
  m_UseGravity: 1
  m_IsKinematic: 1
  m_Interpolate: 0
  m_Constraints: 0
  m_CollisionDetection: 0
--- !u!82 &407451650278967462
AudioSource:
  m_ObjectHideFlags: 0
  m_CorrespondingSourceObject: {fileID: 0}
  m_PrefabInstance: {fileID: 0}
  m_PrefabAsset: {fileID: 0}
  m_GameObject: {fileID: 407451650286604614}
  m_Enabled: 1
  serializedVersion: 4
  OutputAudioMixerGroup: {fileID: 24300002, guid: 455b51b6361276442b5f84fe728aea57,
    type: 2}
  m_audioClip: {fileID: 0}
  m_PlayOnAwake: 1
  m_Volume: 1
  m_Pitch: 1
  Loop: 0
  Mute: 0
  Spatialize: 0
  SpatializePostEffects: 0
  Priority: 128
  DopplerLevel: 1
  MinDistance: 1
  MaxDistance: 500
  Pan2D: 0
  rolloffMode: 0
  BypassEffects: 0
  BypassListenerEffects: 0
  BypassReverbZones: 0
  rolloffCustomCurve:
    serializedVersion: 2
    m_Curve:
    - serializedVersion: 3
      time: 0
      value: 1
      inSlope: 0
      outSlope: 0
      tangentMode: 0
      weightedMode: 0
      inWeight: 0.33333334
      outWeight: 0.33333334
    - serializedVersion: 3
      time: 1
      value: 0
      inSlope: 0
      outSlope: 0
      tangentMode: 0
      weightedMode: 0
      inWeight: 0.33333334
      outWeight: 0.33333334
    m_PreInfinity: 2
    m_PostInfinity: 2
    m_RotationOrder: 4
  panLevelCustomCurve:
    serializedVersion: 2
    m_Curve:
    - serializedVersion: 3
      time: 0
      value: 1
      inSlope: 0
      outSlope: 0
      tangentMode: 0
      weightedMode: 0
      inWeight: 0.33333334
      outWeight: 0.33333334
    m_PreInfinity: 2
    m_PostInfinity: 2
    m_RotationOrder: 0
  spreadCustomCurve:
    serializedVersion: 2
    m_Curve:
    - serializedVersion: 3
      time: 0
      value: 0
      inSlope: 0
      outSlope: 0
      tangentMode: 0
      weightedMode: 0
      inWeight: 0.33333334
      outWeight: 0.33333334
    m_PreInfinity: 2
    m_PostInfinity: 2
    m_RotationOrder: 4
  reverbZoneMixCustomCurve:
    serializedVersion: 2
    m_Curve:
    - serializedVersion: 3
      time: 0
      value: 1
      inSlope: 0
      outSlope: 0
      tangentMode: 0
      weightedMode: 0
      inWeight: 0.33333334
      outWeight: 0.33333334
    m_PreInfinity: 2
    m_PostInfinity: 2
    m_RotationOrder: 0
--- !u!114 &5962595763105391622
MonoBehaviour:
  m_ObjectHideFlags: 0
  m_CorrespondingSourceObject: {fileID: 0}
  m_PrefabInstance: {fileID: 0}
  m_PrefabAsset: {fileID: 0}
  m_GameObject: {fileID: 407451650286604614}
  m_Enabled: 1
  m_EditorHideFlags: 0
  m_Script: {fileID: 11500000, guid: 1fba852d13f175846803b6495384427d, type: 3}
  m_Name: 
  m_EditorClassIdentifier: 
  itemSlots:
  - Item: {fileID: 5243012518282850335}
  - Item: {fileID: 6154082720204944487}
--- !u!114 &561114860
MonoBehaviour:
  m_ObjectHideFlags: 0
  m_CorrespondingSourceObject: {fileID: 0}
  m_PrefabInstance: {fileID: 0}
  m_PrefabAsset: {fileID: 0}
  m_GameObject: {fileID: 407451650286604614}
  m_Enabled: 1
  m_EditorHideFlags: 0
  m_Script: {fileID: 11500000, guid: f7720a6cc7d384f418c2f153737816a7, type: 3}
  m_Name: 
  m_EditorClassIdentifier: 
  maxHP: 100
  maxArmor: 100
  isImportal: 0
  isDead: 0
--- !u!114 &3282137371581549184
MonoBehaviour:
  m_ObjectHideFlags: 0
  m_CorrespondingSourceObject: {fileID: 0}
  m_PrefabInstance: {fileID: 0}
  m_PrefabAsset: {fileID: 0}
  m_GameObject: {fileID: 407451650286604614}
  m_Enabled: 1
  m_EditorHideFlags: 0
  m_Script: {fileID: 11500000, guid: 1486797b6fc5d7e42b57014e5fc68829, type: 3}
  m_Name: 
  m_EditorClassIdentifier: 
  HitFX: {fileID: 100000, guid: 7539ebb3510ef5a43b3a9281865dc89d, type: 3}
  DamageMult: 1
  HitboxPhysicLayer: 8
--- !u!136 &384723724
CapsuleCollider:
  m_ObjectHideFlags: 0
  m_CorrespondingSourceObject: {fileID: 0}
  m_PrefabInstance: {fileID: 0}
  m_PrefabAsset: {fileID: 0}
  m_GameObject: {fileID: 407451650286604614}
  m_Material: {fileID: 0}
  m_IsTrigger: 0
  m_Enabled: 1
  m_Radius: 0.5
  m_Height: 1.8
  m_Direction: 1
  m_Center: {x: 0, y: 0, z: 0}
--- !u!135 &8902809977056599423
SphereCollider:
  m_ObjectHideFlags: 0
  m_CorrespondingSourceObject: {fileID: 0}
  m_PrefabInstance: {fileID: 0}
  m_PrefabAsset: {fileID: 0}
  m_GameObject: {fileID: 407451650286604614}
  m_Material: {fileID: 13400000, guid: 3f59fca3f0a6443978005724123899d1, type: 2}
  m_IsTrigger: 0
  m_Enabled: 0
  serializedVersion: 2
  m_Radius: 0.1
  m_Center: {x: 0, y: 0.61, z: 0}
--- !u!65 &7461943498663215721
BoxCollider:
  m_ObjectHideFlags: 0
  m_CorrespondingSourceObject: {fileID: 0}
  m_PrefabInstance: {fileID: 0}
  m_PrefabAsset: {fileID: 0}
  m_GameObject: {fileID: 407451650286604614}
  m_Material: {fileID: 0}
  m_IsTrigger: 0
  m_Enabled: 0
  serializedVersion: 2
  m_Size: {x: 0.2, y: 0.2, z: 0.2}
  m_Center: {x: 0, y: 0.79, z: 0}
--- !u!1 &616442056469087027
GameObject:
  m_ObjectHideFlags: 0
  m_CorrespondingSourceObject: {fileID: 0}
  m_PrefabInstance: {fileID: 0}
  m_PrefabAsset: {fileID: 0}
  serializedVersion: 6
  m_Component:
  - component: {fileID: 7996458578375366930}
  - component: {fileID: 4112019240258545084}
  - component: {fileID: 3962054267025967995}
  m_Layer: 10
  m_Name: WeaponCamera
  m_TagString: WeaponCamera
  m_Icon: {fileID: 0}
  m_NavMeshLayer: 0
  m_StaticEditorFlags: 0
  m_IsActive: 0
--- !u!4 &7996458578375366930
Transform:
  m_ObjectHideFlags: 0
  m_CorrespondingSourceObject: {fileID: 0}
  m_PrefabInstance: {fileID: 0}
  m_PrefabAsset: {fileID: 0}
  m_GameObject: {fileID: 616442056469087027}
  m_LocalRotation: {x: -0, y: -0, z: -0, w: 1}
  m_LocalPosition: {x: 0, y: 0, z: 0}
  m_LocalScale: {x: 1, y: 1, z: 1}
  m_Children: []
  m_Father: {fileID: 407451650286767460}
  m_RootOrder: 0
  m_LocalEulerAnglesHint: {x: 0, y: 0, z: 0}
--- !u!20 &4112019240258545084
Camera:
  m_ObjectHideFlags: 0
  m_CorrespondingSourceObject: {fileID: 0}
  m_PrefabInstance: {fileID: 0}
  m_PrefabAsset: {fileID: 0}
  m_GameObject: {fileID: 616442056469087027}
  m_Enabled: 1
  serializedVersion: 2
  m_ClearFlags: 3
  m_BackGroundColor: {r: 0.19215687, g: 0.3019608, b: 0.4745098, a: 0.019607844}
  m_projectionMatrixMode: 1
  m_GateFitMode: 2
  m_FOVAxisMode: 0
  m_SensorSize: {x: 36, y: 24}
  m_LensShift: {x: 0, y: 0}
  m_FocalLength: 50
  m_NormalizedViewPortRect:
    serializedVersion: 2
    x: 0
    y: 0
    width: 1
    height: 1
  near clip plane: 0.01
  far clip plane: 1000
  field of view: 80
  orthographic: 0
  orthographic size: 5
  m_Depth: 1
  m_CullingMask:
    serializedVersion: 2
    m_Bits: 1024
  m_RenderingPath: -1
  m_TargetTexture: {fileID: 0}
  m_TargetDisplay: 0
  m_TargetEye: 3
  m_HDR: 0
  m_AllowMSAA: 1
  m_AllowDynamicResolution: 0
  m_ForceIntoRT: 0
  m_OcclusionCulling: 1
  m_StereoConvergence: 10
  m_StereoSeparation: 0.022
--- !u!124 &3962054267025967995
Behaviour:
  m_ObjectHideFlags: 0
  m_CorrespondingSourceObject: {fileID: 0}
  m_PrefabInstance: {fileID: 0}
  m_PrefabAsset: {fileID: 0}
  m_GameObject: {fileID: 616442056469087027}
  m_Enabled: 1
--- !u!1001 &2036686548239850570
PrefabInstance:
  m_ObjectHideFlags: 0
  serializedVersion: 2
  m_Modification:
    m_TransformParent: {fileID: 407451650286767460}
    m_Modifications:
    - target: {fileID: 1004640464302808, guid: d3e9fe7a00225b942b2499838ec9038b, type: 3}
      propertyPath: m_Layer
      value: 10
      objectReference: {fileID: 0}
    - target: {fileID: 1009771893202788, guid: d3e9fe7a00225b942b2499838ec9038b, type: 3}
      propertyPath: m_Layer
      value: 10
      objectReference: {fileID: 0}
    - target: {fileID: 1016725509673926, guid: d3e9fe7a00225b942b2499838ec9038b, type: 3}
      propertyPath: m_Layer
      value: 10
      objectReference: {fileID: 0}
    - target: {fileID: 1025318286483976, guid: d3e9fe7a00225b942b2499838ec9038b, type: 3}
      propertyPath: m_Layer
      value: 10
      objectReference: {fileID: 0}
    - target: {fileID: 1027015949470068, guid: d3e9fe7a00225b942b2499838ec9038b, type: 3}
      propertyPath: m_Layer
      value: 10
      objectReference: {fileID: 0}
    - target: {fileID: 1045955399543904, guid: d3e9fe7a00225b942b2499838ec9038b, type: 3}
      propertyPath: m_Layer
      value: 10
      objectReference: {fileID: 0}
    - target: {fileID: 1059137234505956, guid: d3e9fe7a00225b942b2499838ec9038b, type: 3}
      propertyPath: m_Layer
      value: 10
      objectReference: {fileID: 0}
    - target: {fileID: 1070687503876756, guid: d3e9fe7a00225b942b2499838ec9038b, type: 3}
      propertyPath: m_Layer
      value: 10
      objectReference: {fileID: 0}
    - target: {fileID: 1070864143197424, guid: d3e9fe7a00225b942b2499838ec9038b, type: 3}
      propertyPath: m_Layer
      value: 10
      objectReference: {fileID: 0}
    - target: {fileID: 1095789633051016, guid: d3e9fe7a00225b942b2499838ec9038b, type: 3}
      propertyPath: m_Layer
      value: 10
      objectReference: {fileID: 0}
    - target: {fileID: 1122967822895628, guid: d3e9fe7a00225b942b2499838ec9038b, type: 3}
      propertyPath: m_Layer
      value: 10
      objectReference: {fileID: 0}
    - target: {fileID: 1127563186214130, guid: d3e9fe7a00225b942b2499838ec9038b, type: 3}
      propertyPath: m_Layer
      value: 10
      objectReference: {fileID: 0}
    - target: {fileID: 1133597836400000, guid: d3e9fe7a00225b942b2499838ec9038b, type: 3}
      propertyPath: m_Layer
      value: 10
      objectReference: {fileID: 0}
    - target: {fileID: 1144126016844332, guid: d3e9fe7a00225b942b2499838ec9038b, type: 3}
      propertyPath: m_Layer
      value: 10
      objectReference: {fileID: 0}
    - target: {fileID: 1157079650619514, guid: d3e9fe7a00225b942b2499838ec9038b, type: 3}
      propertyPath: m_Layer
      value: 10
      objectReference: {fileID: 0}
    - target: {fileID: 1186447058189856, guid: d3e9fe7a00225b942b2499838ec9038b, type: 3}
      propertyPath: m_Layer
      value: 10
      objectReference: {fileID: 0}
    - target: {fileID: 1189807481093804, guid: d3e9fe7a00225b942b2499838ec9038b, type: 3}
      propertyPath: m_Layer
      value: 10
      objectReference: {fileID: 0}
    - target: {fileID: 1208310305413134, guid: d3e9fe7a00225b942b2499838ec9038b, type: 3}
      propertyPath: m_Layer
      value: 10
      objectReference: {fileID: 0}
    - target: {fileID: 1234593572547532, guid: d3e9fe7a00225b942b2499838ec9038b, type: 3}
      propertyPath: m_Layer
      value: 10
      objectReference: {fileID: 0}
    - target: {fileID: 1236705923895836, guid: d3e9fe7a00225b942b2499838ec9038b, type: 3}
      propertyPath: m_Layer
      value: 10
      objectReference: {fileID: 0}
    - target: {fileID: 1245600901987022, guid: d3e9fe7a00225b942b2499838ec9038b, type: 3}
      propertyPath: m_Layer
      value: 10
      objectReference: {fileID: 0}
    - target: {fileID: 1254902358816126, guid: d3e9fe7a00225b942b2499838ec9038b, type: 3}
      propertyPath: m_Layer
      value: 10
      objectReference: {fileID: 0}
    - target: {fileID: 1284668074474302, guid: d3e9fe7a00225b942b2499838ec9038b, type: 3}
      propertyPath: m_Layer
      value: 10
      objectReference: {fileID: 0}
    - target: {fileID: 1325910459886676, guid: d3e9fe7a00225b942b2499838ec9038b, type: 3}
      propertyPath: m_Layer
      value: 10
      objectReference: {fileID: 0}
    - target: {fileID: 1348542137027480, guid: d3e9fe7a00225b942b2499838ec9038b, type: 3}
      propertyPath: m_Layer
      value: 10
      objectReference: {fileID: 0}
    - target: {fileID: 1390332723710886, guid: d3e9fe7a00225b942b2499838ec9038b, type: 3}
      propertyPath: m_Layer
      value: 10
      objectReference: {fileID: 0}
    - target: {fileID: 1402701107355814, guid: d3e9fe7a00225b942b2499838ec9038b, type: 3}
      propertyPath: m_Layer
      value: 10
      objectReference: {fileID: 0}
    - target: {fileID: 1419684448242198, guid: d3e9fe7a00225b942b2499838ec9038b, type: 3}
      propertyPath: m_Layer
      value: 10
      objectReference: {fileID: 0}
    - target: {fileID: 1426835357283260, guid: d3e9fe7a00225b942b2499838ec9038b, type: 3}
      propertyPath: m_Layer
      value: 10
      objectReference: {fileID: 0}
    - target: {fileID: 1482055552833722, guid: d3e9fe7a00225b942b2499838ec9038b, type: 3}
      propertyPath: m_Layer
      value: 10
      objectReference: {fileID: 0}
    - target: {fileID: 1504906959455222, guid: d3e9fe7a00225b942b2499838ec9038b, type: 3}
      propertyPath: m_Layer
      value: 10
      objectReference: {fileID: 0}
    - target: {fileID: 1523366705168176, guid: d3e9fe7a00225b942b2499838ec9038b, type: 3}
      propertyPath: m_Layer
      value: 10
      objectReference: {fileID: 0}
    - target: {fileID: 1558175432050730, guid: d3e9fe7a00225b942b2499838ec9038b, type: 3}
      propertyPath: m_Layer
      value: 10
      objectReference: {fileID: 0}
    - target: {fileID: 1564515795648896, guid: d3e9fe7a00225b942b2499838ec9038b, type: 3}
      propertyPath: m_Layer
      value: 10
      objectReference: {fileID: 0}
    - target: {fileID: 1571165359361406, guid: d3e9fe7a00225b942b2499838ec9038b, type: 3}
      propertyPath: m_Layer
      value: 10
      objectReference: {fileID: 0}
    - target: {fileID: 1577836223667164, guid: d3e9fe7a00225b942b2499838ec9038b, type: 3}
      propertyPath: m_Layer
      value: 10
      objectReference: {fileID: 0}
    - target: {fileID: 1632932429138812, guid: d3e9fe7a00225b942b2499838ec9038b, type: 3}
      propertyPath: m_Layer
      value: 10
      objectReference: {fileID: 0}
    - target: {fileID: 1652672936841426, guid: d3e9fe7a00225b942b2499838ec9038b, type: 3}
      propertyPath: m_Layer
      value: 10
      objectReference: {fileID: 0}
    - target: {fileID: 1656422994531422, guid: d3e9fe7a00225b942b2499838ec9038b, type: 3}
      propertyPath: m_Layer
      value: 10
      objectReference: {fileID: 0}
    - target: {fileID: 1663525712884724, guid: d3e9fe7a00225b942b2499838ec9038b, type: 3}
      propertyPath: m_Layer
      value: 10
      objectReference: {fileID: 0}
    - target: {fileID: 1682387556859706, guid: d3e9fe7a00225b942b2499838ec9038b, type: 3}
      propertyPath: m_Layer
      value: 10
      objectReference: {fileID: 0}
    - target: {fileID: 1726624984771760, guid: d3e9fe7a00225b942b2499838ec9038b, type: 3}
      propertyPath: m_Layer
      value: 10
      objectReference: {fileID: 0}
    - target: {fileID: 1769498789413894, guid: d3e9fe7a00225b942b2499838ec9038b, type: 3}
      propertyPath: m_Layer
      value: 10
      objectReference: {fileID: 0}
    - target: {fileID: 1778574915019774, guid: d3e9fe7a00225b942b2499838ec9038b, type: 3}
      propertyPath: m_Name
      value: Assault_Rifle_01_FPSController 1
      objectReference: {fileID: 0}
    - target: {fileID: 1778574915019774, guid: d3e9fe7a00225b942b2499838ec9038b, type: 3}
      propertyPath: m_Layer
      value: 10
      objectReference: {fileID: 0}
    - target: {fileID: 1779037449516710, guid: d3e9fe7a00225b942b2499838ec9038b, type: 3}
      propertyPath: m_Layer
      value: 10
      objectReference: {fileID: 0}
    - target: {fileID: 1782064779809654, guid: d3e9fe7a00225b942b2499838ec9038b, type: 3}
      propertyPath: m_Layer
      value: 10
      objectReference: {fileID: 0}
    - target: {fileID: 1792655263500498, guid: d3e9fe7a00225b942b2499838ec9038b, type: 3}
      propertyPath: m_Layer
      value: 10
      objectReference: {fileID: 0}
    - target: {fileID: 1793038293946418, guid: d3e9fe7a00225b942b2499838ec9038b, type: 3}
      propertyPath: m_Layer
      value: 10
      objectReference: {fileID: 0}
    - target: {fileID: 1828230099255990, guid: d3e9fe7a00225b942b2499838ec9038b, type: 3}
      propertyPath: m_Layer
      value: 10
      objectReference: {fileID: 0}
    - target: {fileID: 1847438813825434, guid: d3e9fe7a00225b942b2499838ec9038b, type: 3}
      propertyPath: m_Layer
      value: 10
      objectReference: {fileID: 0}
    - target: {fileID: 1852724202245962, guid: d3e9fe7a00225b942b2499838ec9038b, type: 3}
      propertyPath: m_Layer
      value: 10
      objectReference: {fileID: 0}
    - target: {fileID: 1867205708064594, guid: d3e9fe7a00225b942b2499838ec9038b, type: 3}
      propertyPath: m_Layer
      value: 10
      objectReference: {fileID: 0}
    - target: {fileID: 1876229212505106, guid: d3e9fe7a00225b942b2499838ec9038b, type: 3}
      propertyPath: m_Layer
      value: 10
      objectReference: {fileID: 0}
    - target: {fileID: 1880441446377764, guid: d3e9fe7a00225b942b2499838ec9038b, type: 3}
      propertyPath: m_Layer
      value: 10
      objectReference: {fileID: 0}
    - target: {fileID: 1899271017566034, guid: d3e9fe7a00225b942b2499838ec9038b, type: 3}
      propertyPath: m_Layer
      value: 10
      objectReference: {fileID: 0}
    - target: {fileID: 1899386017791806, guid: d3e9fe7a00225b942b2499838ec9038b, type: 3}
      propertyPath: m_Layer
      value: 10
      objectReference: {fileID: 0}
    - target: {fileID: 1933739045731972, guid: d3e9fe7a00225b942b2499838ec9038b, type: 3}
      propertyPath: m_Layer
      value: 10
      objectReference: {fileID: 0}
    - target: {fileID: 1942375563633026, guid: d3e9fe7a00225b942b2499838ec9038b, type: 3}
      propertyPath: m_Layer
      value: 10
      objectReference: {fileID: 0}
    - target: {fileID: 1971677469189286, guid: d3e9fe7a00225b942b2499838ec9038b, type: 3}
      propertyPath: m_Layer
      value: 10
      objectReference: {fileID: 0}
    - target: {fileID: 1979385261167506, guid: d3e9fe7a00225b942b2499838ec9038b, type: 3}
      propertyPath: m_Layer
      value: 10
      objectReference: {fileID: 0}
    - target: {fileID: 1991995102954724, guid: d3e9fe7a00225b942b2499838ec9038b, type: 3}
      propertyPath: m_Layer
      value: 10
      objectReference: {fileID: 0}
    - target: {fileID: 4399724542279590, guid: d3e9fe7a00225b942b2499838ec9038b, type: 3}
      propertyPath: m_RootOrder
      value: 2
      objectReference: {fileID: 0}
    - target: {fileID: 4399724542279590, guid: d3e9fe7a00225b942b2499838ec9038b, type: 3}
      propertyPath: m_LocalPosition.x
      value: 0
      objectReference: {fileID: 0}
    - target: {fileID: 4399724542279590, guid: d3e9fe7a00225b942b2499838ec9038b, type: 3}
      propertyPath: m_LocalPosition.y
      value: 0
      objectReference: {fileID: 0}
    - target: {fileID: 4399724542279590, guid: d3e9fe7a00225b942b2499838ec9038b, type: 3}
      propertyPath: m_LocalPosition.z
      value: 0
      objectReference: {fileID: 0}
    - target: {fileID: 4399724542279590, guid: d3e9fe7a00225b942b2499838ec9038b, type: 3}
      propertyPath: m_LocalRotation.w
      value: 1
      objectReference: {fileID: 0}
    - target: {fileID: 4399724542279590, guid: d3e9fe7a00225b942b2499838ec9038b, type: 3}
      propertyPath: m_LocalRotation.x
      value: -0
      objectReference: {fileID: 0}
    - target: {fileID: 4399724542279590, guid: d3e9fe7a00225b942b2499838ec9038b, type: 3}
      propertyPath: m_LocalRotation.y
      value: -0
      objectReference: {fileID: 0}
    - target: {fileID: 4399724542279590, guid: d3e9fe7a00225b942b2499838ec9038b, type: 3}
      propertyPath: m_LocalRotation.z
      value: -0
      objectReference: {fileID: 0}
    - target: {fileID: 4399724542279590, guid: d3e9fe7a00225b942b2499838ec9038b, type: 3}
      propertyPath: m_LocalEulerAnglesHint.x
      value: 0
      objectReference: {fileID: 0}
    - target: {fileID: 4399724542279590, guid: d3e9fe7a00225b942b2499838ec9038b, type: 3}
      propertyPath: m_LocalEulerAnglesHint.y
      value: 0
      objectReference: {fileID: 0}
    - target: {fileID: 4399724542279590, guid: d3e9fe7a00225b942b2499838ec9038b, type: 3}
      propertyPath: m_LocalEulerAnglesHint.z
      value: 0
      objectReference: {fileID: 0}
    - target: {fileID: 5270463079552411693, guid: d3e9fe7a00225b942b2499838ec9038b,
        type: 3}
      propertyPath: point
      value: 
      objectReference: {fileID: 601294956}
    m_RemovedComponents: []
  m_SourcePrefab: {fileID: 100100000, guid: d3e9fe7a00225b942b2499838ec9038b, type: 3}
--- !u!4 &2039112591893373932 stripped
Transform:
  m_CorrespondingSourceObject: {fileID: 4399724542279590, guid: d3e9fe7a00225b942b2499838ec9038b,
    type: 3}
  m_PrefabInstance: {fileID: 2036686548239850570}
  m_PrefabAsset: {fileID: 0}
--- !u!114 &6154082720204944487 stripped
MonoBehaviour:
  m_CorrespondingSourceObject: {fileID: 5270463079552411693, guid: d3e9fe7a00225b942b2499838ec9038b,
    type: 3}
  m_PrefabInstance: {fileID: 2036686548239850570}
  m_PrefabAsset: {fileID: 0}
  m_GameObject: {fileID: 0}
  m_Enabled: 1
  m_EditorHideFlags: 0
  m_Script: {fileID: 11500000, guid: d54bfb0af8469b54584cd894a3a5a8f2, type: 3}
  m_Name: 
  m_EditorClassIdentifier: 
--- !u!1001 &5207555125911849773
PrefabInstance:
  m_ObjectHideFlags: 0
  serializedVersion: 2
  m_Modification:
    m_TransformParent: {fileID: 407451650286767460}
    m_Modifications:
    - target: {fileID: 1033420466371408, guid: c65a955796924eb4c8d79e76e5af0ac6, type: 3}
      propertyPath: m_Layer
      value: 10
      objectReference: {fileID: 0}
    - target: {fileID: 1038789337864014, guid: c65a955796924eb4c8d79e76e5af0ac6, type: 3}
      propertyPath: m_Layer
      value: 10
      objectReference: {fileID: 0}
    - target: {fileID: 1050015137284376, guid: c65a955796924eb4c8d79e76e5af0ac6, type: 3}
      propertyPath: m_Layer
      value: 10
      objectReference: {fileID: 0}
    - target: {fileID: 1050381197298460, guid: c65a955796924eb4c8d79e76e5af0ac6, type: 3}
      propertyPath: m_Layer
      value: 10
      objectReference: {fileID: 0}
    - target: {fileID: 1056160443844104, guid: c65a955796924eb4c8d79e76e5af0ac6, type: 3}
      propertyPath: m_Layer
      value: 10
      objectReference: {fileID: 0}
    - target: {fileID: 1067809635215514, guid: c65a955796924eb4c8d79e76e5af0ac6, type: 3}
      propertyPath: m_Layer
      value: 10
      objectReference: {fileID: 0}
    - target: {fileID: 1069457720245044, guid: c65a955796924eb4c8d79e76e5af0ac6, type: 3}
      propertyPath: m_Layer
      value: 10
      objectReference: {fileID: 0}
    - target: {fileID: 1100391437594766, guid: c65a955796924eb4c8d79e76e5af0ac6, type: 3}
      propertyPath: m_Layer
      value: 10
      objectReference: {fileID: 0}
    - target: {fileID: 1126744129753896, guid: c65a955796924eb4c8d79e76e5af0ac6, type: 3}
      propertyPath: m_Layer
      value: 10
      objectReference: {fileID: 0}
    - target: {fileID: 1148311709062608, guid: c65a955796924eb4c8d79e76e5af0ac6, type: 3}
      propertyPath: m_Layer
      value: 10
      objectReference: {fileID: 0}
    - target: {fileID: 1152351646041200, guid: c65a955796924eb4c8d79e76e5af0ac6, type: 3}
      propertyPath: m_Layer
      value: 10
      objectReference: {fileID: 0}
    - target: {fileID: 1157667523352208, guid: c65a955796924eb4c8d79e76e5af0ac6, type: 3}
      propertyPath: m_Layer
      value: 10
      objectReference: {fileID: 0}
    - target: {fileID: 1220101150358690, guid: c65a955796924eb4c8d79e76e5af0ac6, type: 3}
      propertyPath: m_Layer
      value: 10
      objectReference: {fileID: 0}
    - target: {fileID: 1252301158022522, guid: c65a955796924eb4c8d79e76e5af0ac6, type: 3}
      propertyPath: m_Layer
      value: 10
      objectReference: {fileID: 0}
    - target: {fileID: 1261764265007438, guid: c65a955796924eb4c8d79e76e5af0ac6, type: 3}
      propertyPath: m_Layer
      value: 10
      objectReference: {fileID: 0}
    - target: {fileID: 1273765395313544, guid: c65a955796924eb4c8d79e76e5af0ac6, type: 3}
      propertyPath: m_Name
      value: Handgun_01_FPSController 1
      objectReference: {fileID: 0}
    - target: {fileID: 1273765395313544, guid: c65a955796924eb4c8d79e76e5af0ac6, type: 3}
      propertyPath: m_Layer
      value: 10
      objectReference: {fileID: 0}
    - target: {fileID: 1275845224794000, guid: c65a955796924eb4c8d79e76e5af0ac6, type: 3}
      propertyPath: m_Layer
      value: 10
      objectReference: {fileID: 0}
    - target: {fileID: 1278133248886062, guid: c65a955796924eb4c8d79e76e5af0ac6, type: 3}
      propertyPath: m_Layer
      value: 10
      objectReference: {fileID: 0}
    - target: {fileID: 1357651807110568, guid: c65a955796924eb4c8d79e76e5af0ac6, type: 3}
      propertyPath: m_Layer
      value: 10
      objectReference: {fileID: 0}
    - target: {fileID: 1396301250452938, guid: c65a955796924eb4c8d79e76e5af0ac6, type: 3}
      propertyPath: m_Layer
      value: 10
      objectReference: {fileID: 0}
    - target: {fileID: 1413561735513580, guid: c65a955796924eb4c8d79e76e5af0ac6, type: 3}
      propertyPath: m_Layer
      value: 10
      objectReference: {fileID: 0}
    - target: {fileID: 1431881650984858, guid: c65a955796924eb4c8d79e76e5af0ac6, type: 3}
      propertyPath: m_Layer
      value: 10
      objectReference: {fileID: 0}
    - target: {fileID: 1433999241852280, guid: c65a955796924eb4c8d79e76e5af0ac6, type: 3}
      propertyPath: m_Layer
      value: 10
      objectReference: {fileID: 0}
    - target: {fileID: 1451290368809336, guid: c65a955796924eb4c8d79e76e5af0ac6, type: 3}
      propertyPath: m_Layer
      value: 10
      objectReference: {fileID: 0}
    - target: {fileID: 1452000730816398, guid: c65a955796924eb4c8d79e76e5af0ac6, type: 3}
      propertyPath: m_Layer
      value: 10
      objectReference: {fileID: 0}
    - target: {fileID: 1499085247558124, guid: c65a955796924eb4c8d79e76e5af0ac6, type: 3}
      propertyPath: m_Layer
      value: 10
      objectReference: {fileID: 0}
    - target: {fileID: 1515884642419322, guid: c65a955796924eb4c8d79e76e5af0ac6, type: 3}
      propertyPath: m_Layer
      value: 10
      objectReference: {fileID: 0}
    - target: {fileID: 1523033293214380, guid: c65a955796924eb4c8d79e76e5af0ac6, type: 3}
      propertyPath: m_Layer
      value: 10
      objectReference: {fileID: 0}
    - target: {fileID: 1539014679595150, guid: c65a955796924eb4c8d79e76e5af0ac6, type: 3}
      propertyPath: m_Layer
      value: 10
      objectReference: {fileID: 0}
    - target: {fileID: 1563391899133696, guid: c65a955796924eb4c8d79e76e5af0ac6, type: 3}
      propertyPath: m_Layer
      value: 10
      objectReference: {fileID: 0}
    - target: {fileID: 1573824867637236, guid: c65a955796924eb4c8d79e76e5af0ac6, type: 3}
      propertyPath: m_Layer
      value: 10
      objectReference: {fileID: 0}
    - target: {fileID: 1584628059283420, guid: c65a955796924eb4c8d79e76e5af0ac6, type: 3}
      propertyPath: m_Layer
      value: 10
      objectReference: {fileID: 0}
    - target: {fileID: 1592453095342950, guid: c65a955796924eb4c8d79e76e5af0ac6, type: 3}
      propertyPath: m_Layer
      value: 10
      objectReference: {fileID: 0}
    - target: {fileID: 1627610740157902, guid: c65a955796924eb4c8d79e76e5af0ac6, type: 3}
      propertyPath: m_Layer
      value: 10
      objectReference: {fileID: 0}
    - target: {fileID: 1627863436047044, guid: c65a955796924eb4c8d79e76e5af0ac6, type: 3}
      propertyPath: m_Layer
      value: 10
      objectReference: {fileID: 0}
    - target: {fileID: 1640923967087210, guid: c65a955796924eb4c8d79e76e5af0ac6, type: 3}
      propertyPath: m_Layer
      value: 10
      objectReference: {fileID: 0}
    - target: {fileID: 1650487703094908, guid: c65a955796924eb4c8d79e76e5af0ac6, type: 3}
      propertyPath: m_Layer
      value: 10
      objectReference: {fileID: 0}
    - target: {fileID: 1667958629994228, guid: c65a955796924eb4c8d79e76e5af0ac6, type: 3}
      propertyPath: m_Layer
      value: 10
      objectReference: {fileID: 0}
    - target: {fileID: 1668563677227702, guid: c65a955796924eb4c8d79e76e5af0ac6, type: 3}
      propertyPath: m_Layer
      value: 10
      objectReference: {fileID: 0}
    - target: {fileID: 1683634963565814, guid: c65a955796924eb4c8d79e76e5af0ac6, type: 3}
      propertyPath: m_Layer
      value: 10
      objectReference: {fileID: 0}
    - target: {fileID: 1713612277849860, guid: c65a955796924eb4c8d79e76e5af0ac6, type: 3}
      propertyPath: m_Layer
      value: 10
      objectReference: {fileID: 0}
    - target: {fileID: 1739405013013354, guid: c65a955796924eb4c8d79e76e5af0ac6, type: 3}
      propertyPath: m_Layer
      value: 10
      objectReference: {fileID: 0}
    - target: {fileID: 1754936235640656, guid: c65a955796924eb4c8d79e76e5af0ac6, type: 3}
      propertyPath: m_Layer
      value: 10
      objectReference: {fileID: 0}
    - target: {fileID: 1755760251024428, guid: c65a955796924eb4c8d79e76e5af0ac6, type: 3}
      propertyPath: m_Layer
      value: 10
      objectReference: {fileID: 0}
    - target: {fileID: 1773795394041194, guid: c65a955796924eb4c8d79e76e5af0ac6, type: 3}
      propertyPath: m_Layer
      value: 10
      objectReference: {fileID: 0}
    - target: {fileID: 1797349936162652, guid: c65a955796924eb4c8d79e76e5af0ac6, type: 3}
      propertyPath: m_Layer
      value: 10
      objectReference: {fileID: 0}
    - target: {fileID: 1809946769405066, guid: c65a955796924eb4c8d79e76e5af0ac6, type: 3}
      propertyPath: m_Layer
      value: 10
      objectReference: {fileID: 0}
    - target: {fileID: 1821071516499020, guid: c65a955796924eb4c8d79e76e5af0ac6, type: 3}
      propertyPath: m_Layer
      value: 10
      objectReference: {fileID: 0}
    - target: {fileID: 1825315906913176, guid: c65a955796924eb4c8d79e76e5af0ac6, type: 3}
      propertyPath: m_Layer
      value: 10
      objectReference: {fileID: 0}
    - target: {fileID: 1874980558372102, guid: c65a955796924eb4c8d79e76e5af0ac6, type: 3}
      propertyPath: m_Layer
      value: 10
      objectReference: {fileID: 0}
    - target: {fileID: 1879963359813068, guid: c65a955796924eb4c8d79e76e5af0ac6, type: 3}
      propertyPath: m_Layer
      value: 10
      objectReference: {fileID: 0}
    - target: {fileID: 1881224282340372, guid: c65a955796924eb4c8d79e76e5af0ac6, type: 3}
      propertyPath: m_Layer
      value: 10
      objectReference: {fileID: 0}
    - target: {fileID: 1913962758345804, guid: c65a955796924eb4c8d79e76e5af0ac6, type: 3}
      propertyPath: m_Layer
      value: 10
      objectReference: {fileID: 0}
    - target: {fileID: 1931503559733104, guid: c65a955796924eb4c8d79e76e5af0ac6, type: 3}
      propertyPath: m_Layer
      value: 10
      objectReference: {fileID: 0}
    - target: {fileID: 1934338873517210, guid: c65a955796924eb4c8d79e76e5af0ac6, type: 3}
      propertyPath: m_Layer
      value: 10
      objectReference: {fileID: 0}
    - target: {fileID: 1958678530823060, guid: c65a955796924eb4c8d79e76e5af0ac6, type: 3}
      propertyPath: m_Layer
      value: 10
      objectReference: {fileID: 0}
    - target: {fileID: 1971664552725080, guid: c65a955796924eb4c8d79e76e5af0ac6, type: 3}
      propertyPath: m_Layer
      value: 10
      objectReference: {fileID: 0}
    - target: {fileID: 1978485705156462, guid: c65a955796924eb4c8d79e76e5af0ac6, type: 3}
      propertyPath: m_Layer
      value: 10
      objectReference: {fileID: 0}
    - target: {fileID: 1984506002585480, guid: c65a955796924eb4c8d79e76e5af0ac6, type: 3}
      propertyPath: m_Layer
      value: 10
      objectReference: {fileID: 0}
    - target: {fileID: 1986869707440648, guid: c65a955796924eb4c8d79e76e5af0ac6, type: 3}
      propertyPath: m_Layer
      value: 10
      objectReference: {fileID: 0}
    - target: {fileID: 1996612012996012, guid: c65a955796924eb4c8d79e76e5af0ac6, type: 3}
      propertyPath: m_Layer
      value: 10
      objectReference: {fileID: 0}
    - target: {fileID: 4523690870132846, guid: c65a955796924eb4c8d79e76e5af0ac6, type: 3}
      propertyPath: m_RootOrder
      value: 1
      objectReference: {fileID: 0}
    - target: {fileID: 4523690870132846, guid: c65a955796924eb4c8d79e76e5af0ac6, type: 3}
      propertyPath: m_LocalPosition.x
      value: 0
      objectReference: {fileID: 0}
    - target: {fileID: 4523690870132846, guid: c65a955796924eb4c8d79e76e5af0ac6, type: 3}
      propertyPath: m_LocalPosition.y
      value: 0
      objectReference: {fileID: 0}
    - target: {fileID: 4523690870132846, guid: c65a955796924eb4c8d79e76e5af0ac6, type: 3}
      propertyPath: m_LocalPosition.z
      value: 0
      objectReference: {fileID: 0}
    - target: {fileID: 4523690870132846, guid: c65a955796924eb4c8d79e76e5af0ac6, type: 3}
      propertyPath: m_LocalRotation.w
      value: 1
      objectReference: {fileID: 0}
    - target: {fileID: 4523690870132846, guid: c65a955796924eb4c8d79e76e5af0ac6, type: 3}
      propertyPath: m_LocalRotation.x
      value: -0
      objectReference: {fileID: 0}
    - target: {fileID: 4523690870132846, guid: c65a955796924eb4c8d79e76e5af0ac6, type: 3}
      propertyPath: m_LocalRotation.y
      value: -0
      objectReference: {fileID: 0}
    - target: {fileID: 4523690870132846, guid: c65a955796924eb4c8d79e76e5af0ac6, type: 3}
      propertyPath: m_LocalRotation.z
      value: -0
      objectReference: {fileID: 0}
    - target: {fileID: 4523690870132846, guid: c65a955796924eb4c8d79e76e5af0ac6, type: 3}
      propertyPath: m_LocalEulerAnglesHint.x
      value: 0
      objectReference: {fileID: 0}
    - target: {fileID: 4523690870132846, guid: c65a955796924eb4c8d79e76e5af0ac6, type: 3}
      propertyPath: m_LocalEulerAnglesHint.y
      value: 0
      objectReference: {fileID: 0}
    - target: {fileID: 4523690870132846, guid: c65a955796924eb4c8d79e76e5af0ac6, type: 3}
      propertyPath: m_LocalEulerAnglesHint.z
      value: 0
      objectReference: {fileID: 0}
    - target: {fileID: 37752627325401906, guid: c65a955796924eb4c8d79e76e5af0ac6,
        type: 3}
      propertyPath: point
      value: 
      objectReference: {fileID: 601294956}
    - target: {fileID: 37752627325401906, guid: c65a955796924eb4c8d79e76e5af0ac6,
        type: 3}
      propertyPath: amount
      value: 1
      objectReference: {fileID: 0}
    - target: {fileID: 37752627325401906, guid: c65a955796924eb4c8d79e76e5af0ac6,
        type: 3}
      propertyPath: isLocked
      value: 0
      objectReference: {fileID: 0}
    m_RemovedComponents: []
  m_SourcePrefab: {fileID: 100100000, guid: c65a955796924eb4c8d79e76e5af0ac6, type: 3}
--- !u!4 &5212038669033986883 stripped
Transform:
  m_CorrespondingSourceObject: {fileID: 4523690870132846, guid: c65a955796924eb4c8d79e76e5af0ac6,
    type: 3}
  m_PrefabInstance: {fileID: 5207555125911849773}
  m_PrefabAsset: {fileID: 0}
--- !u!114 &5243012518282850335 stripped
MonoBehaviour:
  m_CorrespondingSourceObject: {fileID: 37752627325401906, guid: c65a955796924eb4c8d79e76e5af0ac6,
    type: 3}
  m_PrefabInstance: {fileID: 5207555125911849773}
  m_PrefabAsset: {fileID: 0}
  m_GameObject: {fileID: 0}
  m_Enabled: 1
  m_EditorHideFlags: 0
  m_Script: {fileID: 11500000, guid: d54bfb0af8469b54584cd894a3a5a8f2, type: 3}
  m_Name: 
  m_EditorClassIdentifier: 
